@misc{stm32-types,
author = {ST Microelectronics},
title = {{STM32 Microcontrollers (MCUs)}},
note = {Truy cập lần cuối 12/06/2023},
}

@book{giao-trinh,
	author = {TS. Nguyễn Đào Trường and ThS. Lê Đức Thuận},
	title = {Giáo trình lập trình ARM cơ bản},
	date = {2019},
}
