@misc{tutorial,
author = {SLR},
title = {Linux Device Driver Tutorial},
note = {Truy cập lần cuối 20/06/2023},
}
@misc{i2c-instance,
	author = {Linux kernel document},
	title = {Instantiate I2C devices},
	note = {Truy cập lần cuối 20/06/2023},
}

@book{giao-trinh,
	author = {ThS. Lê Thị Hồng Vân and TS. Phạm Văn Hưởng},
	title = {Giáo trình lập trình hệ thống nhúng},
	date = {2020},
}